@Book{latex,
  title = {LaTeX : A Documentation Preparation System User's Guide and Reference Manual},
  publisher = {Addison-Wesley Professional},
  year = {1994},
  author = {Leslie Lamport}
}

@InProceedings{10.1145/3204949.3208114, 
    author = {Romero-Rond\'{o}n, Miguel Fabian and Sassatelli, Lucile and Precioso, Fr\'{e}d\'{e}ric and Aparicio-Pardo, Ramon}, 
    title = {Foveated Streaming of Virtual Reality Videos},
    year = {2018}, 
    isbn = {9781450351928}, 
    publisher = {Association for Computing Machinery},
    address = {New York, NY, USA}, 
    url = {https://doi.org/10.1145/3204949.3208114},
    doi = {10.1145/3204949.3208114},
    booktitle = {Proceedings of the 9th ACM Multimedia Systems Conference}, 
    pages = {494–497}, numpages = {4}, 
    keywords = {foveated rendering, streaming, virtual reality}, 
    location = {Amsterdam, Netherlands},
    series = {MMSys ’18}
}

@Article{Illahi2020,
    author = {Illahi, Gazi Karam and Gemert, Thomas Van and Siekkinen, Matti and Masala, Enrico and Oulasvirta, Antti and Yl\"{a}-J\"{a}\"{a}ski, Antti},
    title = {Cloud Gaming with Foveated Video Encoding},
    year = {2020},
    issue_date = {March 2020},
    publisher = {Association for Computing Machinery},
    address = {New York, NY, USA},
    volume = {16},
    number = {1},
    issn = {1551-6857},
    url = {https://doi.org/10.1145/3369110},
    doi = {10.1145/3369110},
    journal = {ACM Trans. Multimedia Comput. Commun. Appl.},
    month = feb,
    articleno = {7},
    numpages = {24},
    keywords = {gaze-contingent encoding, game streaming, foveated video encoding, adaptive bitrate encoding, Cloud gaming}
}

@Article{Kaplanyan2019,
    author = {Kaplanyan, Anton S. and Sochenov, Anton and Leimk\"{u}hler, Thomas and Okunev, Mikhail and Goodall, Todd and Rufo, Gizem},
    title = {DeepFovea: Neural Reconstruction for Foveated Rendering and Video Compression Using Learned Statistics of Natural Videos},
    year = {2019},
    issue_date = {November 2019},
    publisher = {Association for Computing Machinery},
    address = {New York, NY, USA},
    volume = {38},
    number = {6},
    issn = {0730-0301},
    url = {https://doi.org/10.1145/3355089.3356557},
    doi = {10.1145/3355089.3356557},
    journal = {ACM Trans. Graph.},
    month = nov,
    articleno = {212},
    numpages = {13},
    keywords = {video compression, foveated rendering, perceptual rendering, deep learning, 
    video generation, gaze-contingent rendering, generative networks, virtual reality}
}

@Article{Bare2019,
    title={Real-time video super-resolution via motion convolution kernel estimation}, 
    author={Bahetiyaer Bare and Bo Yan and Chenxi Ma and Ke Li}, 
    journal={Neurocomputing},
    year={2019},
    volume={367},
    pages={236-245} 
}

@Article{Stankiewicz2019,
    author={O. {Stankiewicz} and K. {Wegner} and M. {Domański}},
    journal={IEEE Access}, 
    title={Study of 3D Video Compression Using Nonlinear Depth Representation},
    year={2019},
    volume={7},
    number={},
    pages={31110-31122}
}

@InProceedings{Ryoo2016,
    author ={Ryoo, Jihoon and Yun, Kiwon and Samaras, Dimitris and Das, Samir and Zelinsky, Gregory},
    year = {2016},month = {05},
    pages = {1-11},
    title = {Design and evaluation of a foveated video streaming service for commodity client devices},
    doi = {10.1145/2910017.2910592}
}

@InProceedings{Zare2016,
    author = {Zare, Alireza and Aminlou, Alireza and Hannuksela, Miska M. and Gabbouj, Moncef},
    title = {HEVC-Compliant Tile-Based Streaming of Panoramic Video for Virtual Reality Applications},
    year = {2016},
    isbn = {9781450336031},
    publisher = {Association for Computing Machinery},
    address = {New York, NY, USA},
    url = {https://doi.org/10.1145/2964284.2967292},
    doi = {10.1145/2964284.2967292},
    booktitle = {Proceedings of the 24th ACM International Conference on Multimedia},
    pages = {601–605},
    numpages = {5},
    keywords = {video coding, head-mounted display (hmd), virtual reality, tiles, panoramic video streaming, hevc},
    location = {Amsterdam, The Netherlands},
    series = {MM ’16}
}

@Article{Guenter2016, 
    author = {Guenter, Brian and Finch, Mark and Drucker, Steven and Tan, Desney and Snyder, John}, 
    title = {Foveated 3D Graphics},
    year = {2012}, 
    issue_date = {November 2012}, 
    publisher = {Association for Computing Machinery}, 
    address = {New York, NY, USA}, volume = {31}, 
    number = {6}, 
    issn = {0730-0301},
    url = {https://doi.org/10.1145/2366145.2366183}, 
    doi = {10.1145/2366145.2366183}, 
    journal = {ACM Trans. Graph.}, 
    month = nov, 
    articleno = {164},
    numpages = {10}, 
    keywords = {multiresolution gaze-contingent display (MGCD), minimum angle of resolution (MAR), eccentricity, antialiasing} 
}

@InProceedings{Fathi2012,
    author="Fathi, Alirezaand Li, Yinand Rehg, James M.",
    editor="Fitzgibbon, Andrew and Lazebnik, Svetlana and Perona, Pietro and Sato, Yoichi and Schmid, Cordelia",
    title="Learning to Recognize Daily Actions Using Gaze",
    booktitle="Computer Vision -- ECCV 2012",
    year="2012",
    publisher="Springer Berlin Heidelberg",
    address="Berlin, Heidelberg",
    pages="314--327"
}

@Online{Unity2020,
  author = {{Unity Technologies}},
  title = {Unity3d},
  url = {https://unity.com/},
  urldate = {2020-11-01}
}

@Online{Unreal2020,
  author = {{Epic Games, Inc}},
  title = {Unreal Engine},
  url = {https://www.unrealengine.com/},
  urldate = {2020-11-01}
}

@Online{Netflix2015,
  author = {{Anne Aaron, Zhi Li, Megha Manohara, Jan De Cock and David Ronca}},
  title = {Per-Title Encode Optimization},
  url = {https://netflixtechblog.com/per-title-encode-optimization-7e99442b62a2},
  urldate = {2020-10-25}
}

@Online{Android2020,
  author = {{Google LLC}},
  title = {Supported media formats},
  url = {https://developer.android.com/guide/topics/media/media-formats},
  urldate = {2020-10-25}
}

@misc{isola2018,
      title={Image-to-Image Translation with Conditional Adversarial Networks}, 
      author={Phillip Isola and Jun-Yan Zhu and Tinghui Zhou and Alexei A. Efros},
      year={2018},
      eprint={1611.07004},
      archivePrefix={arXiv},
      primaryClass={cs.CV}
}

@article{lecun2010,
  added-at = {2010-06-28T21:16:30.000+0200},
  author = {LeCun, Yann and Cortes, Corinna},
  biburl = {https://www.bibsonomy.org/bibtex/2935bad99fa1f65e03c25b315aa3c1032/mhwombat},
  groups = {public},
  howpublished = {http://yann.lecun.com/exdb/mnist/},
  interhash = {21b9d0558bd66279df9452562df6e6f3},
  intrahash = {935bad99fa1f65e03c25b315aa3c1032},
  keywords = {MSc _checked character_recognition mnist network neural},
  lastchecked = {2016-01-14 14:24:11},
  timestamp = {2016-07-12T19:25:30.000+0200},
  title = {{MNIST} handwritten digit database},
  url = {http://yann.lecun.com/exdb/mnist/},
  username = {mhwombat},
  year = 2010
}
@Online{DLSS2020,
  author = {{NVIDIA Corporation}},
  title = {NVIDIA DLSS 2.0: A Big Leap In AI Rendering},
  url = {https://www.nvidia.com/en-gb/geforce/news/nvidia-dlss-2-0-a-big-leap-in-ai-rendering/},
  urldate = {2020-10-05}
}

@Online{XTAL2020,
  author = {{VRgineer, Inc}},
  title = {XTAL},
  url = {https://vrgineers.com/xtal/},
  urldate = {2020-11-01}
}

@Online{VideoAcceptance,
  author = {{Christopher Mueller}},
  title = {The Video Problem: 3 Reasons Why Users Leave a Website with Badly Implemented Video},
  url = {https://bitmovin.com/video-problem-3-reasons-users-leave-website-badly-implemented-video/},
  year = {2015},
  month = {09},
  urldate = {2020-09-15}
}

@Online{Ikea2020,
  author = {{Inter IKEA Systems BV}},
  title = {VIRTUAL REALITY- INTO THE MAGIC},
  url = {https://www.ikea.com/ms/en_JP/this-is-ikea/ikea-highlights/Virtual-reality/index.html},
  urldate = {2020-10-16}
}

@Online{Audi2017,
  author = {{AUDI AG}},
  title = {Audi launches Virtual Reality technology in dealerships},
  url = {https://www.audi-mediacenter.com/en/press-releases/audi-launches-virtual-reality-technology-in-dealerships-9270},
  year = {2017},
  month = {08},
  urldate = {2020-10-16}
}

@Online{CableTV,
  author = {{Bobby Chernev}},
  title = {25 of The Most Incredible Cable TV Subscribers Statistics for 2020},
  url = {https://techjury.net/blog/cable-tv-subscribers-statistics/},
  year = {2020},
  month = {07},
  urldate = {2020-10-29}
}

@Online{VRReady,
  author = {{Umbra 3D}},
  title = {Why optimization is everything in mobile AR and VR},
  url = {https://blog.hackerbay.io/why-optimization-is-everything-in-mobile-ar-and-vr-b54a5dc411b5},
  year = {2018},
  month = {01},
  urldate = {2020-10-29}
}

@Online{AMR2019,
  author = {{Allied Market Research}},
  title = {Video Streaming Market by Component, Solution Type, Streaming Type, Deployment Mode, Revenue Model, End User: Global Opportunity Analysis and Industry Forecast, 2019-2026},
  url = {https://www.alliedmarketresearch.com/video-streaming-market/},
  urldate = {2020-11-01}
}

@Online{Matrox2020,
  author = {{Matrox }},
  title = {Get more reach with Matrox video encoders and decoders},
  url = {https://info.matrox.com/video/adw/video-encoders-and-decoders-appliances-cards?gclid=Cj0KCQiAwMP9BRCzARIsAPWTJ_Eko4MIpSlUxDep_IwEyKPSmtqYks6gVNCiNgApUWjJ_gfEwFXccLEaArIvEALw_wcB},
  urldate = {2020-11-10}
}

@Online{VGG2020,
  author = {{Visual Geometry Group}},
  title = {Visual Geometry Group Homepage},
  url = {https://www.robots.ox.ac.uk/~vgg/},
  urldate = {2020-11-05}
}

@Online{Youtube,
  author = {{Google LLC}},
  title = {YouTube},
  url = {https://www.youtube.com/},
  urldate = {2020-11-05}
}

@Online{Twitch,
  author = {{Twitch Interactive, Inc.}},
  title = {Twitch},
  url = {https://www.twitch.tv/},
  urldate = {2020-11-06}
}


@Online{TobiiTracker2020,
  author = {{Tobii VR}},
  title = {Eye Tracking for PC Gaming},
  url = {https://gaming.tobii.com/products/},
  urldate = {2020-10-01}
}

@Online{HTCVIVEProEye2020,
  author = {{HTC}},
  title = {Vive Pro Eye},
  url = {https://www.vive.com/de/product/vive-pro-eye/overview/},
  urldate = {2020-10-01}
}

@Online{Akamai2020,
  author = {{Akamai}},
  title = {Akamai Video Content Delivery Network},
  url = {https://www.akamai.com/uk/en/resources/video-cdn.jsp},
  urldate = {2020-11-01}
}

@Article{Berg2020,
author = {Berg-Weger, Marla and Morley, J.},
year = {2020},
month = {04},
pages = {},
title = {Loneliness and Social Isolation in Older Adults during the COVID-19 Pandemic: Implications for Gerontological Social Work},
volume = {24},
journal = {The journal of nutrition, health \& aging},
doi = {10.1007/s12603-020-1366-8}
}

@Article{Zhang2019,
author = {Zhang, Ke and Hou, Yuansi and Li, Gang and Huang, Yunhui},
year = {2019},
month = {07},
pages = {1-13},
title = {Tourists and Air Pollution How and Why Air Pollution Magnifies Tourists’ Suspicion of Service Providers},
journal = {Journal of Travel Research},
doi = {10.1177/0047287519859710}
}

@InProceedings{Judge2010,
author = {Judge, Tejinder K. and Neustaedter, Carman},
title = {Sharing Conversation and Sharing Life: Video Conferencing in the Home},
year = {2010},
isbn = {9781605589299},
publisher = {Association for Computing Machinery},
address = {New York, NY, USA},
url = {https://doi-org.eaccess.ub.tum.de/10.1145/1753326.1753422},
doi = {10.1145/1753326.1753422},
booktitle = {Proceedings of the SIGCHI Conference on Human Factors in Computing Systems},
pages = {655–658},
numpages = {4},
keywords = {video conferencing, families, media spaces, domestic},
location = {Atlanta, Georgia, USA},
series = {CHI '10}
}

@Article{Kim2018,
title = "Virtual reality sickness questionnaire (VRSQ): Motion sickness measurement index in a virtual reality environment",
journal = "Applied Ergonomics",
volume = "69",
pages = "66 - 73",
year = "2018",
issn = "0003-6870",
doi = "https://doi.org/10.1016/j.apergo.2017.12.016",
url = "http://www.sciencedirect.com/science/article/pii/S000368701730282X",
author = "Hyun K. Kim and Jaehyun Park and Yeongcheol Choi and Mungyeong Choe",
keywords = "Virtual reality, Motion sickness, Simulator sickness questionnaire",
}

@InProceedings{Minopoulos2020,  
author={G. {Minopoulos} and V. A. {Memos} and K. E. {Psannis} and Y. {Ishibashi}},
booktitle={2020 2nd International Conference on Computer Communication and the Internet (ICCCI)}, 
title={Comparison of Video Codecs Performance for Real-Time Transmission},   
year={2020},  
volume={},  
number={},  
pages={110-114}
}

@Article{Jansen2018,
author = {Jansen, Bart and Goodwin, Timothy and Gupta, Varun and Kuipers, Fernando and Zussman, Gil},
year = {2018},
month = {03},
pages = {56-68},
title = {Performance Evaluation of WebRTC-based Video Conferencing},
volume = {45},
journal = {ACM SIGMETRICS Performance Evaluation Review},
doi = {10.1145/3199524.3199534}
}

@InProceedings{Waltemate2016,
author = {Waltemate, Thomas and Senna, Irene and H\"{u}lsmann, Felix and Rohde, Marieke and Kopp, Stefan and Ernst, Marc and Botsch, Mario},
title = {The Impact of Latency on Perceptual Judgments and Motor Performance in Closed-Loop Interaction in Virtual Reality},
year = {2016},
isbn = {9781450344913},
publisher = {Association for Computing Machinery},
address = {New York, NY, USA},
url = {https://doi.org/10.1145/2993369.2993381},
doi = {10.1145/2993369.2993381},
booktitle = {Proceedings of the 22nd ACM Conference on Virtual Reality Software and Technology},
pages = {27–35},
numpages = {9},
keywords = {virtual mirror, sense of agency, body ownership, latency, full-body motion capture, simultaneity perception},
location = {Munich, Germany},
series = {VRST '16}
}

@Online{Quest2020,
  author = {{Facebook}},
  title = {EXPERIENCE THE NEXT LEVEL OF WIRELESS VR},
  url = {https://www.oculus.com/quest/},
  urldate = {2020-10-10}
}

@Online{Adobe2020,
  author = {{Adobe}},
  title = {Make. Believe. Photoshop.},
  url = {https://www.adobe.com/products/photoshop.html},
  urldate = {2020-10-10}
}

@Online{Gimp2020,
  author = {{GIMP}},
  title = {GNU IMAGE MANIPULATION PROGRAM},
  url = {https://www.gimp.org/},
  urldate = {2020-10-10}
}

@Online{AO2020,
  author = {{Alliance for Open Media}},
  title = {AV1},
  url = {https://aomedia.org/av1/},
  urldate = {2020-10-10}
}

@Online{OBS2020,
  author = {{EposVox}},
  title = {Ultimate Encoder Quality Analysis 2020 (NVENC vs AMF vs QuickSync vs X264) },
  url = {https://obsproject.com/forum/resources/ultimate-encoder-quality-analysis-2020-nvenc-vs-amf-vs-quicksync-vs-x264.998/},
  urldate = {2020-10-10},
  Month = {06},
  Year = {2020},
}

@Online{WebM2020,
  author = {{WebM}},
  title = {VP9},
  url = {https://www.webmproject.org/},
  urldate = {2020-11-10}
}

@Online{MPEG2020,
  author = {{Moving Picture Experts Group}},
  title = {H.264 and H.265},
  url = {https://mpeg.chiariglione.org/},
  urldate = {2020-10-10}
}

@Online{RTX3000,
  author = {{Nvidia}},
  title = {RTX 3000},
  url = {https://www.nvidia.com/en-gb/geforce//},
  urldate = {2020-11-10}
}


@Book{Yanoff2020,
  title = {Ophthalmology},
  publisher = {Elsevier},
  year = {2018},
  author = {Myron Yanoff and Jay Duker}
}

@InCollection{Goodfellow2014,
title = {Generative Adversarial Nets},
author = {Goodfellow, Ian and Pouget-Abadie, Jean and Mirza, Mehdi and Xu, Bing and Warde-Farley, David and Ozair, Sherjil and Courville, Aaron and Bengio, Yoshua},
booktitle = {Advances in Neural Information Processing Systems 27},
editor = {Z. Ghahramani and M. Welling and C. Cortes and N. D. Lawrence and K. Q. Weinberger},
pages = {2672--2680},
year = {2014},
publisher = {Curran Associates, Inc.},
}

@InProceedings{Ledig2017,
author = {Ledig, Christian and Theis, Lucas and Huszar, Ferenc and Caballero, Jose and Cunningham, Andrew and Acosta, Alejandro and Aitken, Andrew and Tejani, Alykhan and Totz, Johannes and Wang, Zehan and Shi, Wenzhe},
title = {Photo-Realistic Single Image Super-Resolution Using a Generative Adversarial Network},
booktitle = {Proceedings of the IEEE Conference on Computer Vision and Pattern Recognition (CVPR)},
month = {07},
year = {2017}
} 

@Article {Slater2009,
	Title = {Place illusion and plausibility can lead to realistic behaviour in immersive virtual environments},
	Author = {Slater, Mel},
	DOI = {10.1098/rstb.2009.0138},
	Number = {1535},
	Volume = {364},
	Month = {12},
	Year = {2009},
	Journal = {Philosophical transactions of the Royal Society of London. Series B, Biological sciences},
	ISSN = {0962-8436},
	Pages = {3549—3557},
	URL = {https://europepmc.org/articles/PMC2781884},
}

@InProceedings{Agustsson2017,
	author = {Agustsson, Eirikur and Timofte, Radu},
	title = {NTIRE 2017 Challenge on Single Image Super-Resolution: Dataset and Study},
	booktitle = {The IEEE Conference on Computer Vision and Pattern Recognition (CVPR) Workshops},
	month = {7},
	year = {2017}
}

@Online{iPerf2020,
  author = {iPerf},
  title = {he ultimate speed test tool for TCP, UDP and SCTP},
  url = {https://iperf.fr/},
  urldate = {2020-11-1}
}

@Misc{ham2020,
      title={Unbalanced GANs: Pre-training the Generator of Generative Adversarial Network using Variational Autoencoder}, 
      author={Hyungrok Ham and Tae Joon Jun and Daeyoung Kim},
      year={2020},
      eprint={2002.02112},
      archivePrefix={arXiv},
}

@Article {Vaserstein1969,
	Title = {Markov Processes over Denumerable Products of Spaces, Describing Large Systems of Automata},
	Author = {L.N.Vaserstein},
	Number = {3},
	Volume = {5},
	Month = {02},
	Year = {1969},
	Journal = {Problems of Information Transmission},
	Pages = {47-52},
	URL = {http://mi.mathnet.ru/ppi1811},
}

@Misc{Arjovsky2017,
      title={Wasserstein GAN}, 
      author={Martin Arjovsky and Soumith Chintala and Léon Bottou},
      year={2017},
      eprint={1701.07875},
      archivePrefix={arXiv},
      primaryClass={stat.ML}
}

@Misc{salimans2016,
      title={Improved Techniques for Training GANs}, 
      author={Tim Salimans and Ian Goodfellow and Wojciech Zaremba and Vicki Cheung and Alec Radford and Xi Chen},
      year={2016},
      eprint={1606.03498},
      archivePrefix={arXiv},
      primaryClass={cs.LG}
}

@Misc{simonyan2015,
      title={Very Deep Convolutional Networks for Large-Scale Image Recognition}, 
      author={Karen Simonyan and Andrew Zisserman},
      year={2015},
      eprint={1409.1556},
      archivePrefix={arXiv},
      primaryClass={cs.CV}
}

@Misc{Russakovsky2015,
      title={ImageNet Large Scale Visual Recognition Challenge}, 
      author={Olga Russakovsky and Jia Deng and Hao Su and Jonathan Krause and Sanjeev Satheesh and Sean Ma and Zhiheng Huang and Andrej Karpathy and Aditya Khosla and Michael Bernstein and Alexander C. Berg and Li Fei-Fei},
      year={2015},
      eprint={1409.0575},
      archivePrefix={arXiv},
      primaryClass={cs.CV}
}

@Misc{ronneberger2015,
      title={U-Net: Convolutional Networks for Biomedical Image Segmentation}, 
      author={Olaf Ronneberger and Philipp Fischer and Thomas Brox},
      year={2015},
      eprint={1505.04597},
      archivePrefix={arXiv},
      primaryClass={cs.CV}
}

@Misc{Miyato2018,
      title={Spectral Normalization for Generative Adversarial Networks}, 
      author={Takeru Miyato and Toshiki Kataoka and Masanori Koyama and Yuichi Yoshida},
      year={2018},
      eprint={1802.05957},
      archivePrefix={arXiv},
      primaryClass={cs.LG}
}

@Misc{abuelhaija2016,
      title={YouTube-8M: A Large-Scale Video Classification Benchmark}, 
      author={Sami Abu-El-Haija and Nisarg Kothari and Joonseok Lee and Paul Natsev and George Toderici and Balakrishnan Varadarajan and Sudheendra Vijayanarasimhan},
      year={2016},
      eprint={1609.08675},
      archivePrefix={arXiv},
      primaryClass={cs.CV}
}

@Article{Ma2020,
   title={Image and Video Compression With Neural Networks: A Review},
   volume={30},
   ISSN={1558-2205},
   url={http://dx.doi.org/10.1109/TCSVT.2019.2910119},
   DOI={10.1109/tcsvt.2019.2910119},
   number={6},
   journal={IEEE Transactions on Circuits and Systems for Video Technology},
   publisher={Institute of Electrical and Electronics Engineers (IEEE)},
   author={Ma, Siwei and Zhang, Xinfeng and Jia, Chuanmin and Zhao, Zhenghui and Wang, Shiqi and Wang, Shanshe},
   year={2020},
   month={06},
   pages={1683–1698}
}

@Article{Draper1998,
author = {John V. Draper and David B. Kaber and John M. Usher},
title ={Telepresence},
journal = {Human Factors},
volume = {40},
number = {3},
pages = {354-375},
year = {1998},
doi = {10.1518/001872098779591386},
note ={PMID: 9849099},
}

@Article{Kuchenbecker2006,
  author={K. J. {Kuchenbecker} and J. {Fiene} and G. {Niemeyer}},
  journal={IEEE Transactions on Visualization and Computer Graphics}, 
  title={Improving contact realism through event-based haptic feedback}, 
  year={2006},
  volume={12},
  number={2},
  pages={219-230},
  doi={10.1109/TVCG.2006.32}
}

@Misc{zhu2020,
      title={Unpaired Image-to-Image Translation using Cycle-Consistent Adversarial Networks}, 
      author={Jun-Yan Zhu and Taesung Park and Phillip Isola and Alexei A. Efros},
      year={2020},
      eprint={1703.10593},
      archivePrefix={arXiv},
      primaryClass={cs.CV}
}

@INPROCEEDINGS{Mok2011,
  author={R. K. P. {Mok} and E. W. W. {Chan} and R. K. C. {Chang}},
  booktitle={12th IFIP/IEEE International Symposium on Integrated Network Management (IM 2011) and Workshops}, 
  title={Measuring the quality of experience of HTTP video streaming}, 
  year={2011},
  pages={485-492},
  doi={10.1109/INM.2011.5990550}
}

@INPROCEEDINGS{Katto1995,
  author={J. {Katto} and M. {Ohta}},
  booktitle={Proceedings., International Conference on Image Processing}, 
  title={Mathematical analysis of MPEG compression capability and its application to rate control}, 
  year={1995},
  volume={2},
  pages={555-558 vol.2},
  doi={10.1109/ICIP.1995.537539}
  }

@patent{Heilig1962,
 title     = "Sensorama simulator",
 number    = "3050870",
 author    = "Morton L. Heilig",
 year      = "1962",
 month     = "08",
 url       = "https://www.freepatentsonline.com/3050870.html"
}

@book{Schulzrinne2003,
author = {Schulzrinne, H. and Casner, S. and Frederick, R. and Jacobson, V.},
title = {RFC3550: RTP: A Transport Protocol for Real-Time Applications},
year = {2003},
publisher = {RFC Editor},
address = {USA},
}

@INPROCEEDINGS{Sutherland195,
    author = {Ivan E. Sutherland},
    title = {The Ultimate Display},
    booktitle = {Proceedings of the IFIP Congress},
    year = {1965},
    pages = {506--508}
}

@article{Murray2007,
author = {Craig D. Murray and Stephen Pettifer and Toby Howard and Emma L. Patchick and Fabrice Caillette and Jai Kulkarni and Candy Bamford},
title = {The treatment of phantom limb pain using immersive virtual reality: Three case studies},
journal = {Disability and Rehabilitation},
volume = {29},
number = {18},
pages = {1465-1469},
year  = {2007},
publisher = {Taylor & Francis},
doi = {10.1080/09638280601107385},
URL = {https://doi.org/10.1080/09638280601107385}
}

@article{Chaudhari2018,
author = {Chaudhari, Akshay S. and Fang, Zhongnan and Kogan, Feliks and Wood, Jeff and Stevens, Kathryn J. and Gibbons, Eric K. and Lee, Jin Hyung and Gold, Garry E. and Hargreaves, Brian A.},
title = {Super-resolution musculoskeletal MRI using deep learning},
volume = {80},
number = {5},
pages = {2139-2154},
keywords = {deep learning, interpolation, isotropic MRI, musculoskeletal MRI, super-resolution, unsupervised sparsity learning},
doi = {https://doi.org/10.1002/mrm.27178},
url = {https://onlinelibrary.wiley.com/doi/abs/10.1002/mrm.27178},
year = {2018}
}

@book{Wiener1964,
author = {Wiener, Norbert},
title = {Extrapolation, Interpolation, and Smoothing of Stationary Time Series},
year = {1964},
isbn = {0262730057},
publisher = {The MIT Press}
}

  


